%% This is file `DEMO-TUDaBibliography.bib' version 4.00 (2025-01-26),
%% it is part of
%% TUDa-CI -- Corporate Design for TU Darmstadt
%% ----------------------------------------------------------------------------
%%
%%  Copyright (C) 2018--2025 by Marei Peischl <marei@peitex.de>
%%
%% ============================================================================
%% This work may be distributed and/or modified under the
%% conditions of the LaTeX Project Public License, either version 1.3c
%% of this license or (at your option) any later version.
%% The latest version of this license is in
%% http://www.latex-project.org/lppl.txt
%% and version 1.3c or later is part of all distributions of LaTeX
%% version 2008/05/04 or later.
%%
%% This work has the LPPL maintenance status `maintained'.
%%
%% The Current Maintainer of this work is
%%   Marei Peischl <tuda-ci@peitex.de>
%%
%% The development respository can be found at
%% https://github.com/tudace/tuda_latex_templates
%% Please use the issue tracker for feedback!
%%
%% If you need a compiled version of this document, have a look at
%% http://mirror.ctan.org/macros/latex/contrib/tuda-ci/doc
%% or at the documentation directory of this package (if installed)
%% <path to your LaTeX distribution>/doc/latex/tuda-ci
%% ============================================================================
%%
% !TeX program = lualatex
%%

%Beispiel BibTeX-Datenbank für die Verwendung von biblatex und biber

@online{imrad,
	title = {IMRAD},
	url = {https://en.wikipedia.org/wiki/IMRAD},
	organization = {Wikipedia},
	urldate = {2018-12-20},
}


@online{scrguide-de,
	ids={scrguide},
	title = {KOMA-Script – Ein wandelbares \LaTeX-Paket},
	subtitle = {Die Anleitung},
	author = {Kohm, Markus},
	date={2023-06-16},
	url = {http://mirrors.ctan.org/macros/latex/contrib/koma-script/doc/scrguide-de.pdf},
	urldate={2024-08-03}
}

@online{scrguide-en,
	title = {KOMA-Script},
	subtitle = {Die Anleitung},
	author = {Kohm, Markus},
	date={2019-01-14},
	url = {http://mirrors.ctan.org/macros/latex/contrib/koma-script/doc/scrguide-en.pdf},
	urldate={2024-08-03}
}

@online{leaflet,
	title = {The document class leaflet},
	author = {Niepraschk, Rolf and Schmidt, Walter and Gäßlein, Hubert},
	date={2015-12-27},
	urldate={2020-02-12},
	url = {http://mirrors.ctan.org/macros/latex/contrib/leaflet/leaflet-manual.pdf}
}

@online{TUDaGuideline,
	title = {Das Bild der TU Darmstadt},
	subtitle = {Corporate Design Handbuch},
	edition={3},
	month={06},
	year={2011},
	url = {https://www.intern.tu-darmstadt.de/media/medien_stabsstelle_km/services/medien_cd/das_bild_der_tu_darmstadt.pdf},
	urldate={2020-05-01}
}


@online{l3pdfmeta,
	title = {The l3pdfmeta module},
	subtitle = {PDF standards},
	author = {{The \LaTeX{} Project}},
	date={2024-05-23},
	urldate={2024-07-22},
	url = {http://mirrors.ctan.org/macros/latex/contrib/pdfmanagement-testphase/l3pdfmeta.pdf}
}

@online{pdfmanagement-testphase,
	title = {The \LaTeX{} PDF management testphase bundle},
	subtitle = {PDF standards},
	author = {{The \LaTeX{} Project}},
	date={2024-05-23},
	urldate={2024-07-22},
	url = {http://mirrors.ctan.org/macros/latex/contrib/pdfmanagement-testphase/pdfmanagement-testphase.pdf}
}

@online{pdfx,
	date={2024-07-01},
	title = {Generation of PDF/X- and PDF/A- compliant PDFs with pdf\TeX{} – pdfx.sty},
	author = {C. V. Radhakrishnan and Hàn Thế Thành and  Ross Moore and Peter Selinger},
	url = {https://mirrors.ctan.org/macros/latex/contrib/pdfx/pdfx.pdf},
	urldate={2024-07-22}
}

@online{xcharter,
	date={2024-06-18},
	urldate={2024-08-04},
	title = {The XCharter Font Package},
	author = {Michael Sharpe},
	url = {http://mirrors.ctan.org/fonts/xcharter/doc/xcharter-doc.pdf}
}

@manual{xcolor,
	title      = {The \texttt{xcolor} package},
	subtitle   = {Driver-independent color extensions for \LaTeX{} and pdfLaTeX},
	author     = {Uwe Kern and {\LaTeX{} Project}},
	date       = {2024-09-29},
	version    = {3.02},
	url        = {http://mirrors.ctan.org/macros/latex/contrib/xcolor/xcolor.pdf}
}

@online{ctan-tuda-ci,
	title      = {The TUDa-CI package},
	subtitle   = {\LaTeX{} templates for Technische Universität Darmstadt},
	author     = {Marei Peischl},
	date       = {2025-01-24},
	mirror     = {https://mirror.ctan.org/macros/latex/contrib/tuda-ci},
	url        = {https://ctan.org/pkg/tuda-ci},
}

@manual{tuda-ci,
	title      = {TUDa-CI – Corporate Design for TU Darmstadt using \LaTeX},
	subtitle = {Documentation for the TUDa-CI bundle},
	author     = {Marei Peischl},
	date = {2025-01-26},
	version    = {4.00},
	url = {http://mirrors.ctan.org/macros/latex/contrib/tuda-ci/doc/tuda-ci.pdf}
}

@online{tuda-ci-github,
	title = {GitHub Repository: TUDa-CI – Corporate Design LaTeX-Templates for TU Darmstadt},
	url = {https://github.com/tudace/tuda_latex_templates/},
	urldate={2025-01-22},
}

@online{TUDa-CI-Info,
	title = {LaTeX – ULB TU Darmstadt},
	url = {https://www.ulb.tu-darmstadt.de/finden_nutzen/medien_nutzen/dokumente_erstellen/latex/index.en.jsp},
	urldate = {2025-01-22},
}


@manual{TUDaAnnouncement,
	title = {\LaTeX{} using TU Darmstadt's Corporate Design},
	url = {http://mirrors.ctan.org/macros/latex/contrib/tuda-ci/doc/DEMO-TUDaAnnouncement.pdf},
	author = {Peischl, Marei},
	date = {2025-01-26},
}

@manual{TUDaBeamer,
	title = {\LaTeX~beamer using TU Darmstadts Corporate Design},
	url = {http://mirrors.ctan.org/macros/latex/contrib/tuda-ci/doc/DEMO-TUDaBeamer.pdf},
	author = {Peischl, Marei},
	date = {2025-01-26},
}

@manual{TUDaExercise,
	title = {Übung zur Benutzung der TUDaExercise-Klasse},
	url = {http://mirrors.ctan.org/macros/latex/contrib/tuda-ci/doc/DEMO-TUDaExercise-de.pdf},
	author = {Peischl, Marei},
	date = {2025-01-26},
}

@manual{TUDaLeaflet,
	title = {TUDaLeaflet},
	url = {http://mirrors.ctan.org/macros/latex/contrib/tuda-ci/doc/DEMO-TUDaLeaflet.pdf},
	author = {Peischl, Marei},
	date = {2025-01-26},
}

@manual{TUDaLetter,
	title = {TUDaLetter -- \LaTeX letters using TU Darmstadt CI},
	url = {http://mirrors.ctan.org/macros/latex/contrib/tuda-ci/doc/DEMO-TUDaThesis.pdf},
	author = {Peischl, Marei},
	date = {2025-01-26},
}

@manual{TUDaPhD,
	title = {TUDaPhD -- \LaTeX-Dissertationstemplate im CD der TU Darmstadt (en)},
	url = {http://mirrors.ctan.org/macros/latex/contrib/tuda-ci/doc/DEMO-TUDaPhD.pdf},
	author = {Peischl, Marei},
	date = {2025-01-26},
}

@manual{TUDaPoster,
	title = {\LaTeX{} using TU Darmstadt's Corporate Design},
	url = {http://mirrors.ctan.org/macros/latex/contrib/tuda-ci/doc/DEMO-TUDaPoster.pdf},
	author = {Peischl, Marei},
	date = {2025-01-26},
}

@manual{TUDaPub,
	title = {TUDaPub -- \LaTeX-Paper using TU Darmstadt's Corporate Design},
	url = {http://mirrors.ctan.org/macros/latex/contrib/tuda-ci/doc/DEMO-TUDaPub.pdf},
	author = {Peischl, Marei},
	date = {2025-01-26},
}

@manual{TUDaReport,
	title = {TUDaReport -- Minimal template for TUDa-CI},
	url = {http://mirrors.ctan.org/macros/latex/contrib/tuda-ci/doc/DEMO-TUDaReport.pdf},
	author = {Peischl, Marei},
	date = {2025-01-26},
}

@manual{TUDaSciPoster,
	title = {\pkg{tcolorbox}-Poster using TU Darmstadt's Corporate Design},
	url = {http://mirrors.ctan.org/macros/latex/contrib/tuda-ci/doc/DEMO-TUDaSciPoster.pdf},
	author = {Peischl, Marei},
	date = {2025-01-26},
}

@manual{TUDaThesis,
	title = {TUDaThesis -- Theses using TU Darmstadt's CI},
	url = {http://mirrors.ctan.org/macros/latex/contrib/tuda-ci/doc/DEMO-TUDaThesis.pdf},
	author = {Peischl, Marei},
	date = {2025-01-26},
}

@online{affidavit,
	title = {Abschlussarbeit - Erklärung zur Abschlussarbeit nach APB},
	organization = {TU Darmstadt},
	date = {2025-01-26},
	url = {https://www.tu-darmstadt.de/studieren/studierende_tu/studienorganisation_und_tucan/hilfe_und_faq/artikel_details_de_en_37824.de.jsp},
}
