%% This is file `DEMO-TUDaBibliography.bib' version 3.41 (2024-07-02),
%% it is part of
%% TUDa-CI -- Corporate Design for TU Darmstadt
%% ----------------------------------------------------------------------------
%%
%%  Copyright (C) 2018--2024 by Marei Peischl <marei@peitex.de>
%%
%% ============================================================================
%% This work may be distributed and/or modified under the
%% conditions of the LaTeX Project Public License, either version 1.3c
%% of this license or (at your option) any later version.
%% The latest version of this license is in
%% http://www.latex-project.org/lppl.txt
%% and version 1.3c or later is part of all distributions of LaTeX
%% version 2008/05/04 or later.
%%
%% This work has the LPPL maintenance status `maintained'.
%%
%% The Current Maintainer of this work is
%%   Marei Peischl <tuda-ci@peitex.de>
%%
%% The development respository can be found at
%% https://github.com/tudace/tuda_latex_templates
%% Please use the issue tracker for feedback!
%%
%% If you need a compiled version of this document, have a look at
%% http://mirror.ctan.org/macros/latex/contrib/tuda-ci/doc
%% or at the documentation directory of this package (if installed)
%% <path to your LaTeX distribution>/doc/latex/tuda-ci
%% ============================================================================
%%
% !TeX program = lualatex
%%

%Beispiel BibTeX-Datenbank für die Verwendung von biblatex und biber

@online{imrad,
	title = {IMRAD},
	url = {https://en.wikipedia.org/wiki/IMRAD},
	organization = {Wikipedia},
	urldate = {2018-12-20},
}


@online{scrguide-de,
	ids={scrguide},
	title={KOMA-Script – Ein wandelbares \LaTeX-Paket},
	subtitle={Die Anleitung},
	author={Kohm, Markus},
	date={2023-06-16},
	url={http://mirrors.ctan.org/macros/latex/contrib/koma-script/doc/scrguide-de.pdf},
	urldate={2024-08-03}
	}

@online{scrguide-en,
	title={KOMA-Script},
	subtitle={Die Anleitung},
	author={Kohm, Markus},
	date={2019-01-14},
	url={http://mirrors.ctan.org/macros/latex/contrib/koma-script/doc/scrguide-en.pdf},
	urldate={2024-08-03}
	}

@online{leaflet,
	title={The document class leaflet},
	author={Niepraschk, Rolf and Schmidt, Walter and Gäßlein, Hubert},
	date={2015-12-27},
	urldate={2020-02-12},
	url={http://mirrors.ctan.org/macros/latex/contrib/leaflet/leaflet-manual.pdf}
}

@online{TUDaGuideline,
	title={Das Bild der TU Darmstadt},
	subtitle={Corporate Design Handbuch},
	edition={3},
	month={06},
	year={2011},
	url={https://www.intern.tu-darmstadt.de/media/medien_stabsstelle_km/services/medien_cd/das_bild_der_tu_darmstadt.pdf},
	urldate={2020-05-01}
}

@online{tudapub,
	title={TUDaPub – \LaTeX-Paper im Corporate Design der TU Darmstadt},
	author={Marei Peischl},
	date={2021-10-12},
	url={http://mirrors.ctan.org/macros/latex/contrib/tuda-ci/doc/DEMO-TUDaPub.pdf},
	urldate={2021-10-12}
}

@online{l3pdfmeta,
title={The l3pdfmeta module},
subtitle={PDF standards},
author={{The \LaTeX{} Project}},
date={2024-05-23},
urldate={2024-07-22},
url={http://mirrors.ctan.org/macros/latex/contrib/pdfmanagement-testphase/l3pdfmeta.pdf}
}

@online{pdfmanagement-testphase,
title={The \LaTeX{} PDF management testphase bundle},
subtitle={PDF standards},
author={{The \LaTeX{} Project}},
date={2024-05-23},
urldate={2024-07-22},
url={http://mirrors.ctan.org/macros/latex/contrib/pdfmanagement-testphase/pdfmanagement-testphase.pdf}
}

@online{pdfx,
date={2024-07-01},
title={Generation of PDF/X- and PDF/A- compliant PDFs with pdf\TeX{} – pdfx.sty},
author={C. V. Radhakrishnan and Hàn Thế Thành and  Ross Moore and Peter Selinger},
url={https://mirrors.ctan.org/macros/latex/contrib/pdfx/pdfx.pdf},
urldate={2024-07-22}
}

@online{xcharter,
date={2024-06-18},
urldate={2024-08-04},
title={The XCharter Font Package},
author={Michael Sharpe},
url={http://mirrors.ctan.org/fonts/xcharter/doc/xcharter-doc.pdf}
}
